<?xml version="1.0" encoding="UTF-8"?><collection xmlns="http://www.loc.gov/MARC21/slim"><record><leader>00573nam--2200181-i-4500</leader><controlfield tag="001">000006312</controlfield><controlfield tag="002">20161230</controlfield><controlfield tag="005">20161230201026</controlfield><controlfield tag="008">060222s1000------------r-----000-0-eng-d</controlfield><datafield ind1=" " ind2=" " tag="040"><subfield code="a">IFIN-HH</subfield></datafield><datafield ind1=" " ind2=" " tag="080"><subfield code="a">519.283:338:658.15</subfield></datafield><datafield ind1="1" ind2=" " tag="100"><subfield code="a">Debreu, Gerard</subfield></datafield><datafield ind1="1" ind2="0" tag="245"><subfield code="a">Theory of value. an axiomatic analysis of economic equilibrium</subfield><subfield code="c">Gerard debreu</subfield></datafield><datafield ind1=" " ind2=" " tag="260"><subfield code="a">New York</subfield><subfield code="b">John Wiley &amp; Sons, Inc</subfield><subfield code="c">1959</subfield></datafield><datafield ind1=" " ind2=" " tag="300"><subfield code="a">XII + 114 P</subfield></datafield><datafield ind1=" " ind2=" " tag="490"><subfield code="a">Cowles Foundation For Research In Economics At Yale University</subfield><subfield code="v">Vol. 17</subfield></datafield><datafield ind1=" " ind2=" " tag="852"><subfield code="a">18774</subfield><subfield code="c">519.283</subfield></datafield><datafield ind1=" " ind2=" " tag="CAT"><subfield code="a">Sys</subfield><subfield code="c">20130806</subfield><subfield code="h">174622</subfield></datafield></record></collection>